@inproceedings{melville2002content,
  title={Content-boosted collaborative filtering for improved recommendations},
  author={Melville, Prem and Mooney, Raymod J and Nagarajan, Ramadass},
  year={2002}
}

@article{lu2012recommender,
  title={Recommender systems},
  author={L{\"u}, Linyuan and Medo, Mat{\'u}{\v{s}} and Yeung, Chi Ho and Zhang, Yi-Cheng and Zhang, Zi-Ke and Zhou, Tao},
  journal={Physics Reports},
  year={2012},
  publisher={Elsevier}
}

@article{kovsir2011database,
  title={Database for contextual personalization},
  author={Ko{\v{s}}ir, Andrej and Odic, Ante and Kunaver, Matevz and Tkalcic, Marko and Tasic, Jurij F},
  journal={ELEKTROTEHNISKI VESTNIK},
  volume={78},
  number={5},
  pages={270--274},
  year={2011}
}

@incollection{adomavicius2011context,
  title={Context-aware recommender systems},
  author={Adomavicius, Gediminas and Tuzhilin, Alexander},
  booktitle={Recommender Systems Handbook},
  pages={217--253},
  year={2011},
  publisher={Springer}
}

@book{segaran2008programming,
  title={Programming collective intelligence: building smart web 2.0 applications},
  author={Segaran, Toby},
  year={2008},
  publisher={O'Reilly Media}
}
